@BOOK{DUMMY:1,
AUTHOR="John Doe",
TITLE="The book without title",
PUBLISHER="Dummy publisher",
YEAR="2010"
}
