@book{SMII,
AUTHOR = "Sonja Gehring \& Sanni Heinzmann",
TITLE = "Suomen Mestari II",
Publisher = "Finn Lectura",
Year = "2009"}

@book{SMIII,
AUTHOR = "Sonja Gehring and Sanni Heinzmann and Sari Päivärinne and Taija Udd",
TITLE = "Suomen Mestari III",
PUBLISHER = "Finn Lectura",
YEAR = "2009"}

@book{SMIV,
AUTHOR = "Sonja Gehring and Sanni Heinzmann and Sari Päivärinne and Taija Udd",
TITLE = "Suomen Mestari IV",
PUBLISHER = "Finn Lectura",
YEAR = "2009"}

@book{FT,
AUTHOR = "Riitta-Liisa Valijärvi",
TITLE = "Finnish Tutor Grammar and Vocabulary Workbook",
PUBLISHER = "The Teach Yourself",
YEAR = "2017"}

@book{FGR,
AUTHOR = "Aili Rytkönen Bell and Augustus A. Koski",
TITLE = "Finnish Graded Reader",
PUBLISHER = "U.S Foreign Service Institute Washington D.C",
YEAR = "1968"}
