@manual{jacques,
  author="{Jacques Cr{\'e}mer}",
  title="A very minimal introduction to TikZ",
  year="2011",
  keywords="tikz"
}

@online{sharelatex,
  author="ShareLaTeX community",
  title="Pgfplots package",
  url="https://www.sharelatex.com/learn/Pgfplots_package#/Reference_guide",
  keywords="pgfplots"
}
