@book{spivak08,
author={Michael Spivak},
year={1994},
edition={Third},
title={Calculus},
publisher={Publish or Perish},
address={America},
pages={1-100}
}
@misc{inchmeal,
title={inchmeal},
howpublished={\url{https://www.inchmeal.io/}}
}
